@inproceedings{niculescu2005predicting,
  title={Predicting good probabilities with supervised learning},
  author={Niculescu-Mizil, Alexandru and Caruana, Rich},
  booktitle={Proceedings of the 22nd international conference on Machine learning},
  pages={625--632},
  year={2005}
}

@book{bickel-doksum-1977,
    author  = {Peter J. Bickel and  Kjell A. Doksum},
    title   = {Mathematical Statistic: Basic Ideas and Selected Topics},
    year    = "1977",
    publisher = {Holden-Day Inc.},
    address = {Oakland, CA}
}
@inproceedings{eikema-aziz-2020-is,    title = "Is MAP Decoding All You Need? The Inadequacy of the Mode in Neural Machine Translation",    author = "Eikema, Bryan  and      Aziz, Wilker",    booktitle = "Proceedings of the 28th International Conference on Computational Linguistics",    month = dec,    year = "2020",    address = "Barcelona, Spain",    publisher = "Association for Computational Linguistics",}

@misc{zhang2020bertscoreevaluatingtextgeneration,
      title={BERTScore: Evaluating Text Generation with BERT}, 
      author={Tianyi Zhang and Varsha Kishore and Felix Wu and Kilian Q. Weinberger and Yoav Artzi},
      year={2020},
      eprint={1904.09675},
      archivePrefix={arXiv},
      primaryClass={cs.CL},
      url={https://arxiv.org/abs/1904.09675}, 
}
@inproceedings{guo2017calibration,
  title={On calibration of modern neural networks},
  author={Guo, Chuan and Pleiss, Geoff and Sun, Yu and Weinberger, Kilian Q},
  booktitle={International conference on machine learning},
  pages={1321--1330},
  year={2017},
  organization={PMLR}
}

@inproceedings{si-etal-2022-examining,
    title = "Re-Examining Calibration: The Case of Question Answering",
    author = "Si, Chenglei  and
      Zhao, Chen  and
      Min, Sewon  and
      Boyd-Graber, Jordan",
    editor = "Goldberg, Yoav  and
      Kozareva, Zornitsa  and
      Zhang, Yue",
    booktitle = "Findings of the Association for Computational Linguistics: EMNLP 2022",
    month = dec,
    year = "2022",
    address = "Abu Dhabi, United Arab Emirates",
    publisher = "Association for Computational Linguistics",
    url = "https://aclanthology.org/2022.findings-emnlp.204/",
    doi = "10.18653/v1/2022.findings-emnlp.204",
    pages = "2814--2829"
}

@article{zhou2023instruction,
  title={Instruction-following evaluation for large language models},
  author={Zhou, Jeffrey and Lu, Tianjian and Mishra, Swaroop and Brahma, Siddhartha and Basu, Sujoy and Luan, Yi and Zhou, Denny and Hou, Le},
  journal={arXiv preprint arXiv:2311.07911},
  year={2023}
}

@article{zheng2023judging,
  title={Judging llm-as-a-judge with mt-bench and chatbot arena},
  author={Zheng, Lianmin and Chiang, Wei-Lin and Sheng, Ying and Zhuang, Siyuan and Wu, Zhanghao and Zhuang, Yonghao and Lin, Zi and Li, Zhuohan and Li, Dacheng and Xing, Eric and others},
  journal={Advances in neural information processing systems},
  volume={36},
  pages={46595--46623},
  year={2023}
}

@article{glenn1950verification,
  title={Verification of forecasts expressed in terms of probability},
  author={Glenn, W Brier and others},
  journal={Monthly weather review},
  volume={78},
  number={1},
  pages={1--3},
  year={1950},
  publisher={War Department, Office of the Chief Signal Officer}
}

@inproceedings{desai-durrett-2020-calibration,
    title = "Calibration of Pre-trained Transformers",
    author = "Desai, Shrey  and
      Durrett, Greg",
    editor = "Webber, Bonnie  and
      Cohn, Trevor  and
      He, Yulan  and
      Liu, Yang",
    booktitle = "Proceedings of the 2020 Conference on Empirical Methods in Natural Language Processing (EMNLP)",
    month = nov,
    year = "2020",
    address = "Online",
    publisher = "Association for Computational Linguistics",
    url = "https://aclanthology.org/2020.emnlp-main.21/",
    doi = "10.18653/v1/2020.emnlp-main.21",
    pages = "295--302"
}


@misc{vijayakumar2018diversebeamsearchdecoding,
      title={Diverse Beam Search: Decoding Diverse Solutions from Neural Sequence Models}, 
      author={Ashwin K Vijayakumar and Michael Cogswell and Ramprasath R. Selvaraju and Qing Sun and Stefan Lee and David Crandall and Dhruv Batra},
      year={2018},
      eprint={1610.02424},
      archivePrefix={arXiv},
      primaryClass={cs.AI},
      url={https://arxiv.org/abs/1610.02424}, 
}

@misc{basu2021mirostatneuraltextdecoding,
      title={Mirostat: A Neural Text Decoding Algorithm that Directly Controls Perplexity}, 
      author={Sourya Basu and Govardana Sachitanandam Ramachandran and Nitish Shirish Keskar and Lav R. Varshney},
      year={2021},
      eprint={2007.14966},
      archivePrefix={arXiv},
      primaryClass={cs.CL},
      url={https://arxiv.org/abs/2007.14966}, 
}

@misc{madaan2023selfrefineiterativerefinementselffeedback,
      title={Self-Refine: Iterative Refinement with Self-Feedback}, 
      author={Aman Madaan and Niket Tandon and Prakhar Gupta and Skyler Hallinan and Luyu Gao and Sarah Wiegreffe and Uri Alon and Nouha Dziri and Shrimai Prabhumoye and Yiming Yang and Shashank Gupta and Bodhisattwa Prasad Majumder and Katherine Hermann and Sean Welleck and Amir Yazdanbakhsh and Peter Clark},
      year={2023},
      eprint={2303.17651},
      archivePrefix={arXiv},
      primaryClass={cs.CL},
      url={https://arxiv.org/abs/2303.17651}, 
}

@misc{beirami2025theoreticalguaranteesbestofn,
      title={Theoretical guarantees on the best-of-n alignment policy}, 
      author={Ahmad Beirami and Alekh Agarwal and Jonathan Berant and Alexander D'Amour and Jacob Eisenstein and Chirag Nagpal and Ananda Theertha Suresh},
      year={2025},
      eprint={2401.01879},
      archivePrefix={arXiv},
      primaryClass={cs.LG},
      url={https://arxiv.org/abs/2401.01879}, 
}

@misc{ichihara2025evaluationbestofn,
      title={Evaluation of Best-of-N Sampling Strategies for Language Model Alignment}, 
      author={Yuki Ichihara and Yuu Jinnai and Tetsuro Morimura and Kaito Ariu and Kenshi Abe and Mitsuki Sakamoto and Eiji Uchibe},
      year={2025},
      eprint={2502.12668},
      archivePrefix={arXiv},
      primaryClass={cs.CL},
      url={https://arxiv.org/abs/2502.12668}, 
}

@misc{liu2024skyworkrewardbagtricksreward,
      title={Skywork-Reward: Bag of Tricks for Reward Modeling in LLMs}, 
      author={Chris Yuhao Liu and Liang Zeng and Jiacai Liu and Rui Yan and Jujie He and Chaojie Wang and Shuicheng Yan and Yang Liu and Yahui Zhou},
      year={2024},
      eprint={2410.18451},
      archivePrefix={arXiv},
      primaryClass={cs.AI},
      url={https://arxiv.org/abs/2410.18451}, 
}

@inproceedings{gao2023enabling,
   title={Enabling Large Language Models to Generate Text with Citations},
   author={Gao, Tianyu and Yen, Howard and Yu, Jiatong and Chen, Danqi},
   year={2023},
   booktitle={Empirical Methods in Natural Language Processing (EMNLP)},
}

@misc{jiang2023llmblenderPairRM,
      title={LLM-Blender: Ensembling Large Language Models with Pairwise Ranking and Generative Fusion}, 
      author={Dongfu Jiang and Xiang Ren and Bill Yuchen Lin},
      year={2023},
      eprint={2306.02561},
      archivePrefix={arXiv},
      primaryClass={cs.CL},
      url={https://arxiv.org/abs/2306.02561}, 
}

@article{bragg2025astabench,
  title={AstaBench: Rigorous Benchmarking of AI Agents with a Holistic Scientific Research Suite},
  author={Bragg, Jonathan and D'Arcy, Mike and Balepur, Nishant and Bareket, Dan and Dalvi, Bhavana and Feldman, Sergey and Haddad, Dany and Hwang, Jena D. and Jansen, Peter and Kishore, Varsha and Majumder, Bodhisattwa Prasad and Naik, Aakanksha and Rahamimov, Sigal and Richardson, Kyle and Singh, Amanpreet and Surana, Harshit and Tiktinsky, Aryeh and Vasu, Rosni and Wiener, Guy and others},
  journal={arXiv preprint},
  year={2025},
  url={https://www.datocms-assets.com/64837/1756213171-astabench-16.pdf}
}

@article{du2025deepresearch,
  author    = {Mingxuan Du and Benfeng Xu and Chiwei Zhu and Xiaorui Wang and Zhendong Mao},
  title     = {DeepResearch Bench: A Comprehensive Benchmark for Deep Research Agents},
  journal   = {arXiv preprint},
  year      = {2025},
}

@article{patel2025deepscholarbench,
      title={DeepScholar-Bench: A Live Benchmark and Automated Evaluation for Generative Research Synthesis}, 
      author={Liana Patel and Negar Arabzadeh and Harshit Gupta and Ankita Sundar and Ion Stoica and Matei Zaharia and Carlos Guestrin},
      year={2025},
      url={https://arxiv.org/abs/2508.20033}, 
}

@article{yifei2025researchqa,
  title={Research{QA}: Evaluating Scholarly Question Answering at Scale Across 75 Fields with Survey-Mined Questions and Rubrics},
  author={Yifei, Li S. and Chang, Allen and Malaviya, Chaitanya and Yatskar, Mark},
  journal={arXiv preprint},
  year={2025}
}


@misc{wei2025browsecompsimplechallengingbenchmark,
      title={BrowseComp: A Simple Yet Challenging Benchmark for Browsing Agents}, 
      author={Jason Wei and Zhiqing Sun and Spencer Papay and Scott McKinney and Jeffrey Han and Isa Fulford and Hyung Won Chung and Alex Tachard Passos and William Fedus and Amelia Glaese},
      year={2025},
      eprint={2504.12516},
      archivePrefix={arXiv},
      primaryClass={cs.CL},
      url={https://arxiv.org/abs/2504.12516}, 
}


@article{singh2025ai2,
  title={Ai2 Scholar QA: Organized Literature Synthesis with Attribution},
  author={Singh, Amanpreet and Chang, Joseph Chee and Anastasiades, Chloe and Haddad, Dany and Naik, Aakanksha and Tanaka, Amber and Zamarron, Angele and Nguyen, Cecile and Hwang, Jena D and Dunkleberger, Jason and others},
  journal={arXiv preprint},
  year={2025},
  doi={10.48550/arXiv.2504.10861}
}

@misc{perplexity2025deepresearch,
  author       = {Perplexity},
  title        = {Introducing Perplexity Deep Research},
  url = {https://www.perplexity.ai/hub/blog/introducing-perplexity-deep-research},
  year         = {2025},
}

@misc{openaiIntroducingDeep,
	author = {OpenAI},
	title = {{I}ntroducing deep research},
	url = {https://openai.com/index/introducing-deep-research/},
	year = {2025},
}

@misc{geminiGeminiDeep,
	author = {Google DeepMind},
	title = {{G}emini {D}eep {R}esearch},
	url = {https://gemini.google/overview/deep-research/?hl=en},
	year = {2025}
}
