@inproceedings{niculescu2005predicting,
  title={Predicting good probabilities with supervised learning},
  author={Niculescu-Mizil, Alexandru and Caruana, Rich},
  booktitle={Proceedings of the 22nd international conference on Machine learning},
  pages={625--632},
  year={2005}
}

@inproceedings{guo2017calibration,
  title={On calibration of modern neural networks},
  author={Guo, Chuan and Pleiss, Geoff and Sun, Yu and Weinberger, Kilian Q},
  booktitle={International conference on machine learning},
  pages={1321--1330},
  year={2017},
  organization={PMLR}
}

@inproceedings{si-etal-2022-examining,
    title = "Re-Examining Calibration: The Case of Question Answering",
    author = "Si, Chenglei  and
      Zhao, Chen  and
      Min, Sewon  and
      Boyd-Graber, Jordan",
    editor = "Goldberg, Yoav  and
      Kozareva, Zornitsa  and
      Zhang, Yue",
    booktitle = "Findings of the Association for Computational Linguistics: EMNLP 2022",
    month = dec,
    year = "2022",
    address = "Abu Dhabi, United Arab Emirates",
    publisher = "Association for Computational Linguistics",
    url = "https://aclanthology.org/2022.findings-emnlp.204/",
    doi = "10.18653/v1/2022.findings-emnlp.204",
    pages = "2814--2829"
}

@article{zhou2023instruction,
  title={Instruction-following evaluation for large language models},
  author={Zhou, Jeffrey and Lu, Tianjian and Mishra, Swaroop and Brahma, Siddhartha and Basu, Sujoy and Luan, Yi and Zhou, Denny and Hou, Le},
  journal={arXiv preprint arXiv:2311.07911},
  year={2023}
}

@article{zheng2023judging,
  title={Judging llm-as-a-judge with mt-bench and chatbot arena},
  author={Zheng, Lianmin and Chiang, Wei-Lin and Sheng, Ying and Zhuang, Siyuan and Wu, Zhanghao and Zhuang, Yonghao and Lin, Zi and Li, Zhuohan and Li, Dacheng and Xing, Eric and others},
  journal={Advances in neural information processing systems},
  volume={36},
  pages={46595--46623},
  year={2023}
}

@article{glenn1950verification,
  title={Verification of forecasts expressed in terms of probability},
  author={Glenn, W Brier and others},
  journal={Monthly weather review},
  volume={78},
  number={1},
  pages={1--3},
  year={1950},
  publisher={War Department, Office of the Chief Signal Officer}
}

@inproceedings{desai-durrett-2020-calibration,
    title = "Calibration of Pre-trained Transformers",
    author = "Desai, Shrey  and
      Durrett, Greg",
    editor = "Webber, Bonnie  and
      Cohn, Trevor  and
      He, Yulan  and
      Liu, Yang",
    booktitle = "Proceedings of the 2020 Conference on Empirical Methods in Natural Language Processing (EMNLP)",
    month = nov,
    year = "2020",
    address = "Online",
    publisher = "Association for Computational Linguistics",
    url = "https://aclanthology.org/2020.emnlp-main.21/",
    doi = "10.18653/v1/2020.emnlp-main.21",
    pages = "295--302"
}


@misc{vijayakumar2018diversebeamsearchdecoding,
      title={Diverse Beam Search: Decoding Diverse Solutions from Neural Sequence Models}, 
      author={Ashwin K Vijayakumar and Michael Cogswell and Ramprasath R. Selvaraju and Qing Sun and Stefan Lee and David Crandall and Dhruv Batra},
      year={2018},
      eprint={1610.02424},
      archivePrefix={arXiv},
      primaryClass={cs.AI},
      url={https://arxiv.org/abs/1610.02424}, 
}

@misc{basu2021mirostatneuraltextdecoding,
      title={Mirostat: A Neural Text Decoding Algorithm that Directly Controls Perplexity}, 
      author={Sourya Basu and Govardana Sachitanandam Ramachandran and Nitish Shirish Keskar and Lav R. Varshney},
      year={2021},
      eprint={2007.14966},
      archivePrefix={arXiv},
      primaryClass={cs.CL},
      url={https://arxiv.org/abs/2007.14966}, 
}